
@book{hunt
	author		={Craig Hunt},
    title		={Linux Servidores de Rede},
    ISBN		={85-7393-321-6},
    publisher	={Rio de Janeiro: Editora Ciência Moderna},
    year		={2008}

}
@book{kirch,
	author	= {Olaf Kirch},
    title	= {Guia do Administrador de Redes Linux},
    ISBN  	= {85-87118-01-3},
    publisher = {Curitiba: Conectiva},
    year	= {1999},
    CDD		= {005.71369}

}
@book{broad,
	author	= {Jams Broad and Andrew Bindner},
    title	= {Haking com Kali Linux - Técnicas práticas para testes de invasão},
    ISBN  	= {978-85-7522-395-6},
    publisher = {São Paulo: Novatec},
    year	= {2014}

}
@book{lakhani,
	author	= {José Muniz and Aamir Lakhani},
    title	= {Web Penetration testing with Kali Linux},
    ISBN  	= {978-1-78216-316-9},
    publisher = {Packt Publishing Ltd.},
    year	= {2013}


}

@article{ferrazani,
	author    = {Diogo Menezes Ferraziani Mattos},
	title     = {Virtualização: VMWARE e Xen},
	publisher = {Rio de Janeiro: UFRJ},
	year      = {2012}
    
}

@article{benevenuto,
	author    = {Fabrício Benevenuto de Souza},
	title     = {Uma arquitetura para monitoramento e medição de desempenho para ambientes virtuais},
	publisher = {Minas Geraias: Dissertação - UFMG},
	year      = {2006}

}

@article{jamhour,
	author    = {Edgard Jamhour and Marcos Aurelio Pchek Laureano and Carlos Alberto Maziero},
	title     = {Proteção de detectores de intrusão através de máquinas virtuais},
	publisher = {São Paulo: Pearson Makron Books},
	year      = {2004}

}

@book{comer,
	author    = {Douglas Earl Comer},
	title     = {Redes de Computadores e Internet},
	publisher = {Rio de Janeiro: Axcel},
	year      = {2005},
    ISBN  	  = {85-346-1546-5},
    CDD		  = {005.9}
}

@book{greg,
	author    = {Greg Hoglund and Grag Macgraw},
	title     = {Como quebrar Código: a arte de explorar e proteger software},
	publisher = {São Paulo: Pearson Makron Books},
	year      = {2006},
    ISBN  	  = {85-346-1546-2},
    CDD		  = {005.8}
}

@book{nemeth,
	author    = {Evi Nemeth and Garth Snyder and Trent Hein},
	title     = {Manual Completo do Linux},
	publisher = {São Paulo: Pearson Makron Books},
	year      = {2004},
    ISBN  	  = {85-346-1486-5},
    CDD		  = {005.432}
}


@book{eriberto,
	author    = {João Eriberto Mota Filho},
	title     = {Descobrindo o Linux - Entenda o Sistema Operacional
GNU/Linux},
	publisher = {São Paulo: Novatec},
	year      = {2006},
    ISBN  	  = {978-85-7605-119-5},
    CDD		  = {005.85}
}

@book{dantas,
	author    = {Mario Dantas},
	title     = {Computação Distribuída de Alto Desempenho: Redes, Clusters e Grids
Computacionais},
	publisher = {Rio de Janeiro: Axcel},
	year      = {2005},
    ISBN  	  = {978-85-7605-119-2},
    CDD		  = {005.822}
}

@book{carmona,
	author    = {Tadeu Carmona},
	title     = {Treinamento Prático em Redes de Computadores},
	publisher = {São Paulo: Digerati Books},
	year      = {2006},
    ISBN  	  = {978-85-7605-119-1},
    CDD		  = {005.821}
}

@book{stallings,
	author    = {Willian Stallings},
	title     = {Criptografia e Segurança de Redes},
	publisher = {São Paulo: Editora Pearson Prentice Hall},
	year      = {2008},
    ISBN  	  = {978-85-7605-119-0},
    CDD		  = {005.82}
}

@book{giavaroto,
	author    = {Sílvio César Roxo Giavaroto and Gerson Raimundo dos Santos},
	title     = {Backtrack Linux - Auditoria e Teste de Invasão em Redes de Computadores},
	publisher = {Rio de Janeiro: Editora Ciência Moderna Ltda},
	year      = {2013},
    ISBN  	  = {978-85-399-0374-0},
    CDD		  = {005.004}
}

@book{morimoto,
	author    = {Carlos Eduardo Morimoto},
	title     = {Redes Guia Prático},
	publisher = {Porto Alegre: Sul Editores},
	year      = {2008},
    pages  	  = {555},
    CDU		  = {004.7}
}

@book{raitz,
	author    = {Luciano Raitz},
	title     = {Utilização de Máquinas Virtuais},
	publisher = {Universidade Regional de Blumenau},
	year      = {2010}
}


@book{laureano,
	author    = {Marcos Aurelio Pchek Laureano},
	title     = {Uma abordagem para a proteção de detectores de intrusão baseada em máquinas virtuais},
	publisher   = {Pontifícia Universidade Católica do Paraná},
	year      = {2004}
}

@book{roland,
	author    = {Teodorowitsch Roland},
	title     = {Análise de Desempenho de Máquinas Virtuais},
	publisher = {Universidade Luterana do Brasil},
	year      = {2004}
}

@book{kurose,
 	author    = {James Francis Kurose},
 	title     = {Redes de Computadores e a Internet},
 	publisher = {Pearson Addison Wesley},
 	year      = {2006},
 	issn      = {85-88639-18-1}
}

@book{tanenbaum,
	author    = {Andrew Stuart Tanenbaum},
	title     = {Redes de Computadores },
	publisher = {Editora Campus},
	volume    = {4},
	year      = {2006}
}



